<?xml version="1.0" encoding="UTF-8" ?><marc:collection xmlns:marc="http://www.loc.gov/MARC21/slim" xmlns:xsi="http://www.w3.org/2001/XMLSchema-instance" xsi:schemaLocation="http://www.loc.gov/MARC21/slim http://www.loc.gov/standards/marcxml/schema/MARC21slim.xsd">
<marc:record><marc:leader>01364nam a2200361   4500</marc:leader>
<marc:controlfield tag="001">6214</marc:controlfield>
<marc:controlfield tag="003">aeadna</marc:controlfield><marc:controlfield tag="005">20100506084300.0</marc:controlfield><marc:controlfield tag="008">961012s1893  leua    |f00  aa0 0 0|ara u</marc:controlfield><marc:datafield tag="035" ind1=" " ind2=" "><marc:subfield code="a">(Sirsi) 6214</marc:subfield></marc:datafield><marc:datafield tag="040" ind1=" " ind2=" "><marc:subfield code="a">nal</marc:subfield><marc:subfield code="b">ara</marc:subfield><marc:subfield code="e">AACR2</marc:subfield></marc:datafield><marc:datafield tag="041" ind1="0" ind2=" "><marc:subfield code="a">ara</marc:subfield></marc:datafield><marc:datafield tag="050" ind1=" " ind2="4"><marc:subfield code="a">D11</marc:subfield><marc:subfield code="b">.M87 1893</marc:subfield></marc:datafield><marc:datafield tag="066" ind1=" " ind2=" "><marc:subfield code="c">(3</marc:subfield></marc:datafield><marc:datafield tag="090" ind1=" " ind2=" "><marc:subfield code="a">529</marc:subfield><marc:subfield code="b">ب ا ك ت</marc:subfield></marc:datafield><marc:datafield tag="100" ind1="1" ind2=" "><marc:subfield code="a">مختار، محمد ،</marc:subfield><marc:subfield code="d">1846-1897 م.</marc:subfield></marc:datafield><marc:datafield tag="245" ind1="1" ind2="0"><marc:subfield code="a">كتاب التوفيقات الإلهامية في مقارنة التواريخ الهجرية بالسنين الإفرنكية والقبطية /</marc:subfield><marc:subfield code="c">تأليف اللوا المصري ( محمد مختار باشا )</marc:subfield></marc:datafield><marc:datafield tag="246" ind1="3" ind2="0"><marc:subfield code="a">التوفيقات الإلهامية في مقارنة التواريخ الهجرية بالسنين الإفرنكية والقبطية.</marc:subfield></marc:datafield><marc:datafield tag="250" ind1=" " ind2=" "><marc:subfield code="a">ط.1</marc:subfield></marc:datafield><marc:datafield tag="260" ind1=" " ind2=" "><marc:subfield code="a">القاهرة،:</marc:subfield><marc:subfield code="b">المطبعة الميرية ببولاق مصر المحمية،</marc:subfield><marc:subfield code="c">1311هـ. [1893م]</marc:subfield></marc:datafield><marc:datafield tag="300" ind1=" " ind2=" "><marc:subfield code="a">أ-ب،752 ص. :</marc:subfield><marc:subfield code="c">25 سم.</marc:subfield></marc:datafield><marc:datafield tag="500" ind1=" " ind2=" "><marc:subfield code="a">طبعة حجرية.</marc:subfield></marc:datafield><marc:datafield tag="500" ind1=" " ind2=" "><marc:subfield code="a">ختم الملكية : ص751</marc:subfield></marc:datafield><marc:datafield tag="500" ind1=" " ind2=" "><marc:subfield code="a">ورق أصفر</marc:subfield></marc:datafield><marc:datafield tag="500" ind1=" " ind2=" "><marc:subfield code="a">آخر الكتاب قائمة بمؤلفات المؤلف.</marc:subfield></marc:datafield><marc:datafield tag="541" ind1=" " ind2=" "><marc:subfield code="a">هدية سمو الشيخ فالح بن ناصر آل ثاني إلى مكتبة مركز الوثائق والدراسات (أبو ظبي).</marc:subfield></marc:datafield><marc:datafield tag="650" ind1="4" ind2=" "><marc:subfield code="a">التقويم التاريخي</marc:subfield></marc:datafield><marc:datafield tag="650" ind1=" " ind2="4"><marc:subfield code="a">التقويم الهجري</marc:subfield></marc:datafield><marc:datafield tag="650" ind1=" " ind2="4"><marc:subfield code="a">التقويم الميلادي</marc:subfield></marc:datafield><marc:datafield tag="650" ind1=" " ind2="4"><marc:subfield code="a">التقويم القبطي</marc:subfield></marc:datafield><marc:datafield tag="650" ind1=" " ind2="4"><marc:subfield code="a">التقويم الهجرى</marc:subfield><marc:subfield code="x">جداول</marc:subfield></marc:datafield><marc:datafield tag="650" ind1=" " ind2="4"><marc:subfield code="a">التقويم الميلادي</marc:subfield><marc:subfield code="x">جداول</marc:subfield></marc:datafield><marc:datafield tag="650" ind1=" " ind2="4"><marc:subfield code="a">التقويم القبطي</marc:subfield><marc:subfield code="x">جداول</marc:subfield></marc:datafield></marc:record>
</marc:collection>
